@inproceedings{abdallah2006hybrid,
  title={Hybrid position-based 3D routing algorithms with partial flooding},
  author={Abdallah, A.E and Fevens, T. and Opatrny, J.},
  booktitle={Electrical and Computer Engineering, 2006. CCECE'06. Canadian Conference on},
  pages={227--230},
  year={2006},
  organization={IEEE}
}
@article{macker1999mobile,
  title={Mobile ad hoc networking (MANET): Routing protocol performance issues and evaluation considerations},
  author={Macker, J.},
  year={1999}
}
@techreport{perkins2003ad,
  title={Ad hoc on-demand distance vector (AODV) routing},
  author={Perkins, Charles and Belding-Royer, Elizabeth and Das, Samir},
  year={2003}
}