@MISC {chriscolejimwright2010,
    author = "Chris Cole, Jim Wright",
    title  = "What are Drones?",
    month  = "jan",
    year   = "2010",
    url    = "http://dronewars.net/aboutdrone/"
}

@ARTICLE {robertsivillietal2012,
    author  = "Robert Sivilli, Yunjun Xu, Khanh Pham",
    title   = "Pathfinding for mobile sensor networks on the fly",
    journal = "SPIE Newsroom. DOI: 10.1117/2.1201209.004486",
    year    = "2012",
    month   = "oct"
}

@MISC {usairforce2015,
    author = "U.S. Air Force",
    title  = "MQ-9 Reaper",
    month  = "sep",
    year   = "2015",
    url    = "http://www.af.mil/AboutUs/FactSheets/Display/tabid/224/Article/104470/mq-9-reaper.aspx"
}

@MISC {questuav2015,
    author = "Quest UAV",
    title  = "UAV Sensors",
    month  = "jun",
    year   = "2015",
    url    = "http://www.questuav.com/news/uav-sensors"
}

@TECHREPORT {lucamottola2014,
    author      = "Luca Mottola, Mattia Moretta, Kamin Whitehouse and Carlo Ghezzi",
    title       = "Team-level Programming of Drone Sensor Networks",
    institution = "SICS Swedish ICT",
    year        = "2014"
}

@MISC {josephdussault2014,
    author = "Joseph Dussault",
    title  = "7 Commercial Uses for Drones",
    month  = "mar",
    year   = "2014",
    url    = "http://www.boston.com/business/2014/03/14/commercial-uses-for-drones/dscS47PsQdPneIB2UQeY0M/singlepage.html"
}

@MISC {marcusfaires2015,
    author = "Marcus Faires",
    title  = "Domino's launches world's first driverless pizza delivery vehicles",
    month  = "apr",
    year   = "2015",
    url    = "http://www.dezeen.com/2015/04/01/dominos-launches-worlds-first-driverless-pizza-delivery-vehicles/"
}

@TECHREPORT {curtschurgers2010,
    author      = "Curt Schurgers, Mani B. Srivastava",
    title       = "Energy Efficient Routing in Wireless Sensor Networks",
    institution = "University of California at Los Angeles (UCLA)",
    year        = "2010"
}

@MISC {nationalinstruments2012,
    author = "National Instruments",
    title  = "What Is a Wireless Sensor Network?",
    month  = "may",
    year   = "2012",
    url    = "http://www.ni.com/white-paper/7142/en/"
}

@ARTICLE {leebreslauetal2000,
    author  = "Lee Breslau and Deborah Estrin and Kevin Fall and Sally Floyd and John Heidemann and Ahmed Helmy and Polly Huang and Steven McCanne and Kannan Varadhan and Ya Xu and Haobo Yu",
    title   = "Advances in Network Simulation",
    journal = "Computer",
    year    = "2000",
    number  = "5",
    pages   = "59-67"
}

@MISC {parrotspecs,
	author 	= "Parrot SA",
	title	= "AR Drone 2 Techincal Specifications",
	year	= "2012",
	url		= "http://ardrone2.parrot.com/ardrone-2/specifications/"
}